@Article{REF1, 
	AUTHOR = "{Ppf aitue}",
	TITLE = "Ppf induccion",
	PUBLISHER = "Ppf aitue",
}

@Article{REF2, 
	AUTHOR = "{Jorge Barudy}",
	TITLE = "Los buenos Tratos y la resilencia infantil en la prevenci\'on de los transornos del comportamiento",
	PUBLISHER = "Jorge Barudy" ,
	YEAR = "2008" 
}

@BOOK{REF3, 
	AUTHOR = "{Jorge Barudy y Maryorie Dantagnan}",
	TITLE = "Los buenos tratos a la infancia Parentalidad apego y resilencia",
	YEAR = "2005",
	note = "Barcelona: Mason"
}

@Article{REF4, 
	AUTHOR = "{Edgar Valencia y Esteban G\'omez}",
	TITLE = "Sistmica para Programas Sociales Confiabilidad y Validez de la",
	PUBLISHER = "Jorge Barudy" ,
	YEAR = "2008" 
}