@article{REF5,
   title = {{Diccionario Mapuche-Castellano}},
   URL = {http://www.lagunadeaculeo.com/pages/diccionario_mapuche.html},
    }
    
 @book{lopez2007mineria,
  title={Miner{\'\i}a de datos: t{\'e}cnicas y herramientas},
  author={L{\'o}pez, C{\'e}sar P{\'e}rez},
  year={2007},
  publisher={Editorial Paraninfo}
}


@book{rodrigo2008preservacion,
  title={Preservaci{\'o}n Familiar: un enfoque positivo para la intervenci{\'o}n con familias},
  author={Rodrigo, Mar{\'\i}a Jos{\'e} and Quintana, Juan Carlos Mart{\'\i}n and Chaves, Mar{\'\i}a Luisa M{\'a}iquez and Byrne, Sonia},
  year={2008}
}
@article{almenara2007impacto,
  title={Impacto de las nuevas tecnolog{\'\i}as de la informaci{\'o}n y la comunicaci{\'o}n en las organizaciones educativas.},
  author={Almenara, Julio Cabero},
  journal={Sevilla: Universidad de Sevilla},
  year={2007}
}

@article{alicia2010correlacion,
  title={Correlaci{\'o}n lineal y an{\'a}lisis de regresi{\'o}n.},
  author={Alicia Vila, M{\'a}ximo Sedano, Ana L{\'o}pez, {\'A}ngel A. Juan.},
  URL={www.uoc.edu/in3/emath/docs/RegresionLineal.pdf},
  note={{\'U}ltimo acceso: 18 de abril 2015,(Santiago)},
  year={2008}
}
