@BOOK{dawson,
  AUTHOR =       {C. Dawson},
  TITLE =        {El proyecto de fin de Carrera en Ingeniería Informática},
  PUBLISHER =    {Prentice Hall},
  YEAR =         {2002}
},
@MISC{extracto_dawson,
  author =       {M. Barría y L. Guzmán},
  title =        {Extracto sobre Diseño de Experimentos del libro {Metodología de investigación}},
   howpublished = {http://educnet.decom-uv.cl/},
   year = 2006
  },
  @MISC{extracto_dawson_ppt,
  author =       {L. Guzmán y M. Mendoza},
  title =        {presentación sobre Diseño de Experimentos del libro {Metodología de investigación} },
  howpublished = {http://educnet.decom-uv.cl/},
  year= 2006
  },
@MISC{fundibeq,
  author =       {Fundación Iberoamericana para Gestión de la Calidad},
  title =        {Diseño de Experimentos},
  howpublished = {http://www.fundibeq.org/}
  }
@BOOK{inv,
  AUTHOR =       {Hernández and  Fernández y Baptista},
  TITLE =        {Metodología de investigación},
  PUBLISHER =    {McGraw Hill Interamericana},
  YEAR =         {1998},
  edition =      {Segunda Edición}
  }
