
@Article{REF1, 
	AUTHOR = "{Cynthia Putnam; Lorna Chong}",
	TITLE = "Software and Technologies Designed for People with Autism: What do users want?",
	PUBLISHER = "University of Washington",
}

@Article{REF2, 
	AUTHOR = "{Carmen Quijada G}",
	TITLE = "Espectro Autista",
	PUBLISHER = "Neurologa infantil Juvenil Cl\'inica Tabancura" ,
	YEAR = "2008" 
}



@Article{REF4, 
	AUTHOR = "{Ministerio de Sanidad y Consumo}",
	TITLE = "Gu\'ia de buena pr\'actica para el diagn\'ostico de los trastornos del espectro autista",
	PUBLISHER = "Grupo de Estudio de los Trastornos del Espectro Autista del Instituto de Salud Carlos III", 
}

@Article{REF5, 
	AUTHOR = "{Roberto Mu\~noz, Sandra Kreisel, Ren\'e Noel, Francisco Mancilla}",
	TITLE = "Proyect@Emociones: Software para Estimular el Desarrollo de la Empat\'ia en Ni\~nos y Ni\~nas con Trastornos del Espectro Autista",
	PUBLISHER = "Universidad de Valpara\'iso",

}

@BOOK{REF6, 
	AUTHOR = "{Asociacion Americana de Psiquiatr\'ia (APA)}",
	TITLE = "Manual diagn\'ostico y estad\'istico de los trastornos mentales. Texto revisado (DSM-IV-TR)",
	YEAR = "2002",
	note = "Barcelona: Mason"
}

@Article{REF7, 
	AUTHOR = "{Organizaci\'on Mundial de la Salud}",
	TITLE = "Clasificaci\'on internacional de enfermedades (CIE-10). Trastornos mentales y del comportamiento: criterios diagn\'osticos de investigaci\'on",
	YEAR = "1992",
	note = "Madrid: Meditor"
}

@Article{REF8,
	TITLE = "{Gu\'ia pedag\'ogica para su uso por personas con autismo y discapacidad intelectual'}",
	PUBLISHER = "Fundacion Orange",
	note = "Univesidad de valencia, Grupo de autismo y dificultades de aprendizaje", 
} 


@BOOK{REF3,
	TITLE = "{Diagnostic and statistical Manual of mental disorders}",
	PUBLISHER = "Dsm-v, American psychiatric association",
	note = "firth edition", 
} 

