@inproceedings{REF1,
  title={Los buenos tratos y la resiliencia infantil en la prevenci{\'o}n de los trastornos del comportamiento},
  author={Barudy, Jorge},
  booktitle={Conferencia dictada en el III Congreso Internacional y Multidisciplinar de Trastornos del Comportamiento, en la familia y la escuela. (Guadalajara)},
  year={2009}
}

@book{REF2,
  title={Los buenos tratos a la infancia: Parentalidad, apego y resiliencia},
  author={Barudy, Jorge and Dantagnan, Maryorie},
  year={2005},
  publisher={Editorial Gedisa (Barcelona)}
}

@article{REF3,
   title = {{Bases t\'ecnicas para concursos de proyectos, Programas de Prevenci\'on Focalizada}},
   author={PPF Aitu\'e},
   year = {2010},
   note={(Vi√±a del mar)}
    }

@article{VALENCIA2010,
   title = {{Una Escala de Evaluaci\'on Familiar Eco-Sist\'emica para Programas Sociales: Confiabilidad y Validez de la NCFAS en Poblaci\'on de Alto Riesgo Psicosocial}},
   journal = {{Psykhe (Santiago)}},
   author={Valencia, Edgar AND G\'omez, Esteban},
   URL = {http://www.scielo.cl/scielo.php?script=sci_arttext&pid=S0718-22282010000100007&nrm=iso},
   year = {2010},
   publisher = {scielocl},
   }
   @book{barudy2010desafios,
   	title={Los desaf{\'\i}os invisibles de ser padre o madre: Fichas de trabajo},
   	author={Barudy, Jorge and Dantagnan, Maryorie},
   	year={2010},
   	publisher={Editorial GEDISA}
   }
   
   @book{han2006data,
   	title={Data mining, southeast asia edition: Concepts and techniques},
   	author={Han, Jiawei and Kamber, Micheline and Pei, Jian},
   	year={2006},
   	publisher={Morgan kaufmann}
   }